
 %{AMS}
 @String{AMSTrans = "American Mathematical Society Translations" }
 @String{AMSTrans = "Amer. Math. Soc. Transl." }
 @String{BullAMS = "Bulletin of the American Mathematical Society" }
 @String{BullAMS = "Bull. Amer. Math. Soc." }
 @String{ProcAMS = "Proceedings of the American Mathematical Society" }
 @String{ProcAMS = "Proc. Amer. Math. Soc." }
 @String{TransAMS = "Transactions of the American Mathematical Society" }
 @String{TransAMS = "Trans. Amer. Math. Soc." }

 %ACM
 @String{CACM = "Communications of the {ACM}" }
 @String{CACM = "Commun. {ACM}" }
 @String{CompServ = "Comput. Surveys" }
 @String{JACM = "J. ACM" }
 @String{ACMMathSoft = "{ACM} Transactions on Mathematical Software" }
 @String{ACMMathSoft = "{ACM} Trans. Math. Software" }
 @String{SIGNUM = "{ACM} {SIGNUM} Newsletter" }
 @String{SIGNUM = "{ACM} {SIGNUM} Newslett." }

 @String{AmerSocio = "American Journal of Sociology" }
 @String{AmerStatAssoc = "Journal of the American Statistical Association" }
 @String{AmerStatAssoc = "J. Amer. Statist. Assoc." }
 @String{ApplMathComp = "Applied Mathematics and Computation" }
 @String{ApplMathComp = "Appl. Math. Comput." }
 @String{AmerMathMonthly = "American Mathematical Monthly" }
 @String{AmerMathMonthly = "Amer. Math. Monthly" }
 @String{BIT = "{BIT}" }
 @String{BritStatPsych = "British Journal of Mathematical and Statistical
          Psychology" }
 @String{BritStatPsych = "Brit. J. Math. Statist. Psych." }
 @String{CanMathBull = "Canadian Mathematical Bulletin" }
 @String{CanMathBull = "Canad. Math. Bull." }
 @String{CompApplMath = "Journal of Computational and Applied Mathematics" }
 @String{CompApplMath = "J. Comput. Appl. Math." }
 @String{CompPhys = "Journal of Computational Physics" }
 @String{CompPhys = "J. Comput. Phys." }
 @String{CompStruct = "Computers and Structures" }
 @String{CompStruct = "Comput. \& Structures" }
 @String{CompJour = "The Computer Journal" }
 @String{CompJour = "Comput. J." }
 @String{CompSysSci = "Journal of Computer and System Sciences" }
 @String{CompSysSci = "J. Comput. System Sci." }
 @String{Computing = "Computing" }
 @String{ContempMath = "Contemporary Mathematics" }
 @String{ContempMath = "Contemp. Math." }
 @String{Crelle = "Crelle's Journal" }
 @String{GiornaleMath = "Giornale di Mathematiche" }
 @String{GiornaleMath = "Giorn. Mat." } % didn't find in AMS MR., ibid.

 %IEEE
 @String{Computer = "{IEEE} Computer" }
 @String{IEEETransComp = "{IEEE} Transactions on Computers" }
 @String{IEEETransComp = "{IEEE} Trans. Comput." }
 @String{IEEETransAC = "{IEEE} Transactions on Automatic Control" }
 @String{IEEETransAC = "{IEEE} Trans. Automat. Control" }
 @String{IEEESpec = "{IEEE} Spectrum" } % didn't find in AMS MR
 @String{ProcIEEE = "Proceedings of the {IEEE}" }
 @String{ProcIEEE = "Proc. {IEEE}" } % didn't find in AMS MR
 @String{IEEETransAeroElec = "{IEEE} Transactions on Aerospace and Electronic
     Systems" }
 @String{IEEETransAeroElec = "{IEEE} Trans. Aerospace Electron. Systems" }

 @String{IMANumerAna = "{IMA} Journal of Numerical Analysis" }
 @String{IMANumerAna = "{IMA} J. Numer. Anal." }
 @String{InfProcLet = "Information Processing Letters" }
 @String{InfProcLet = "Inform. Process. Lett." }
 @String{InstMathApp = "Journal of the Institute of Mathematics and
     its Applications" }
 @String{InstMathApp = "J. Inst. Math. Appl." }
 @String{IntControl = "International Journal of Control" }
 @String{IntControl = "Internat. J. Control" }
 @String{IntNumerEng = "International Journal for Numerical Methods in
     Engineering" }
 @String{IntNumerEng = "Internat. J. Numer. Methods Engrg." }
 @String{IntSuper = "International Journal of Supercomputing Applications" }
 @String{IntSuper = "Internat. J. Supercomputing Applic." } % didn't find
%% in AMS MR
 @String{Kibernetika = "Kibernetika" }
 @String{JResNatBurStand = "Journal of Research of the National Bureau
     of Standards" }
 @String{JResNatBurStand = "J. Res. Nat. Bur. Standards" }
 @String{LinAlgApp = "Linear Algebra and its Applications" }
 @String{LinAlgApp = "Linear Algebra Appl." }
 @String{MathAnaAppl = "Journal of Mathematical Analysis and Applications" }
 @String{MathAnaAppl = "J. Math. Anal. Appl." }
 @String{MathAnnalen = "Mathematische Annalen" }
 @String{MathAnnalen = "Math. Ann." }
 @String{MathPhys = "Journal of Mathematical Physics" }
 @String{MathPhys = "J. Math. Phys." }
 @String{MathComp = "Mathematics of Computation" }
 @String{MathComp = "Math. Comp." }
 @String{MathScand = "Mathematica Scandinavica" }
 @String{MathScand = "Math. Scand." }
 @String{TablesAidsComp = "Mathematical Tables and Other Aids to Computation" }
 @String{TablesAidsComp = "Math. Tables Aids Comput." }
 @String{NumerMath = "Numerische Mathematik" }
 @String{NumerMath = "Numer. Math." }
 @String{PacificMath = "Pacific Journal of Mathematics" }
 @String{PacificMath = "Pacific J. Math." }
 @String{ParDistComp = "Journal of Parallel and Distributed Computing" }
 @String{ParDistComp = "J. Parallel and Distrib. Comput." } % didn't find
%% in AMS MR
 @String{ParComputing = "Parallel Computing" }
 @String{ParComputing = "Parallel Comput." }
 @String{PhilMag = "Philosophical Magazine" }
 @String{PhilMag = "Philos. Mag." }
 @String{ProcNAS = "Proceedings of the National Academy of Sciences
                    of the USA" }
 @String{ProcNAS = "Proc. Nat. Acad. Sci. U. S. A." }
 @String{Psychometrika = "Psychometrika" }
 @String{QuartMath = "Quarterly Journal of Mathematics, Oxford, Series (2)" }
 @String{QuartMath = "Quart. J. Math. Oxford Ser. (2)" }
 @String{QuartApplMath = "Quarterly of Applied Mathematics" }
 @String{QuartApplMath = "Quart. Appl. Math." }
 @String{RevueInstStat = "Review of the International Statisical Institute" }
 @String{RevueInstStat = "Rev. Inst. Internat. Statist." }

 %SIAM
 @String{JSIAM = "Journal of the Society for Industrial and Applied
     Mathematics" }
 @String{JSIAM = "J. Soc. Indust. Appl. Math." }
 @String{JSIAMB = "Journal of the Society for Industrial and Applied
     Mathematics, Series B, Numerical Analysis" }
 @String{JSIAMB = "J. Soc. Indust. Appl. Math. Ser. B Numer. Anal." }
 @String{SIAMAlgMeth = "{SIAM} Journal on Algebraic and Discrete Methods" }
 @String{SIAMAlgMeth = "{SIAM} J. Algebraic Discrete Methods" }
 @String{SIAMAppMath = "{SIAM} Journal on Applied Mathematics" }
 @String{SIAMAppMath = "{SIAM} J. Appl. Math." }
 @String{SIAMComp = "{SIAM} Journal on Computing" }
 @String{SIAMComp = "{SIAM} J. Comput." }
 @String{SIAMMatrix = "{SIAM} Journal on Matrix Analysis and Applications" }
 @String{SIAMMatrix = "{SIAM} J. Matrix Anal. Appl." }
 @String{SIAMNumAnal = "{SIAM} Journal on Numerical Analysis" }
 @String{SIAMNumAnal = "{SIAM} J. Numer. Anal." }
 @String{SIAMReview = "{SIAM} Review" }
 @String{SIAMReview = "{SIAM} Rev." }
 @String{SIAMSciStat = "{SIAM} Journal on Scientific and Statistical
     Computing" }
 @String{SIAMSciStat = "{SIAM} J. Sci. Statist. Comput." }

 @String{SoftPracExp = "Software Practice and Experience" }
 @String{SoftPracExp = "Software Prac. Experience" } % didn't find in AMS MR
 @String{StatScience = "Statistical Science" }
 @String{StatScience = "Statist. Sci." }
 @String{Techno = "Technometrics" }
 @String{USSRCompMathPhys = "{USSR} Computational Mathematics and Mathematical
     Physics" }
 @String{USSRCompMathPhys = "{U. S. S. R.} Comput. Math. and Math. Phys." }
 @String{VLSICompSys = "Journal of {VLSI} and Computer Systems" }
 @String{VLSICompSys = "J. {VLSI} Comput. Syst." }
 @String{ZAngewMathMech = "Zeitschrift fur Angewandte Mathematik und
     Mechanik" }
 @String{ZAngewMathMech = "Z. Angew. Math. Mech." }
 @String{ZAngewMathPhys = "Zeitschrift fur Angewandte Mathematik und Physik" }
 @String{ZAngewMathPhys = "Z. Angew. Math. Phys." }

% Publishers % ================================================= |

 @String{Academic = "Academic Press" }
 @String{ACMPress = "{ACM} Press" }
 @String{AdamHilger = "Adam Hilger" }
 @String{AddisonWesley = "Addison-Wesley" }
 @String{AllynBacon = "Allyn and Bacon" }
 @String{AMS = "American Mathematical Society" }
 @String{Birkhauser = "Birkha{\"u}ser" }
 @String{CambridgePress = "Cambridge University Press" }
 @String{Chelsea = "Chelsea" }
 @String{ClaredonPress = "Claredon Press" }
 @String{DoverPub = "Dover Publications" }
 @String{Eyolles = "Eyolles" }
 @String{HoltRinehartWinston = "Holt, Rinehart and Winston" }
 @String{Interscience = "Interscience" }
 @String{JohnsHopkinsPress = "The Johns Hopkins University Press" }
 @String{JohnWileySons = "John Wiley and Sons" }
 @String{Macmillan = "Macmillan" }
 @String{MathWorks = "The Math Works Inc." }
 @String{McGrawHill = "McGraw-Hill" }
 @String{NatBurStd = "National Bureau of Standards" }
 @String{NorthHolland = "North-Holland" }
 @String{OxfordPress = "Oxford University Press" }  %address Oxford or London?
 @String{PergamonPress = "Pergamon Press" }
 @String{PlenumPress = "Plenum Press" }
 @String{PrenticeHall = "Prentice-Hall" }
 @String{SIAMPub = "{SIAM} Publications" }
 @String{Springer = "Springer-Verlag" }
 @String{TexasPress = "University of Texas Press" }
 @String{VanNostrand = "Van Nostrand" }
 @String{WHFreeman = "W. H. Freeman and Co." }

@article{scott:kg:2011,
  title     = {The Correlated Knowledge Gradient for Simulation Optimization of Continuous Parameters using {G}aussian Process Regression},
  author    = {Scott, Warren and Frazier, Peter and Powell, Warren},
  year      = {2011},
  volume    = {21},
  pages     = {996--1026},
  publisher = {SIAM},
  journal   = {SIAM Journal on Optimization},
  number    = {3}
}

@article{kushner:ego,
  title     = {A new method of locating the maximum point of an arbitrary mul
tipeak curve in
 the presence of noise},
  author    = {Kushner, Harold J.},
  journal   = {Journal Basic Engineering},
  volume    = {86},
  number    = {1},
  pages     = {97--106},
  year      = {1964},
  publisher = {American Society of Mechanical Engineers}
}

@inproceedings{ru:fitbo:2018,
  title     = {Fast Information-Theoretic {B}ayesian Optimisation},
  booktitle = {International Conference on Machine Learning},
  author    = {Ru, Binxin and Osborne, Michael A. and Mcleod, Mark and Granziol, Diego},
  year      = {2018},
  pages     = {4384--4392},
  publisher = {PMLR}
}

@inproceedings{srinivas:ucb:2010,
  title     = {{G}aussian Process Optimization in the Bandit Setting:  No Regret and Experimental Design},
  booktitle = {International Conference on Machine Learning},
  author    = {Srinivas, Niranjan and Krause, Andreas and Kakade, Sham and Seeger, Matthias},
  year      = {2010},
  pages     = {1015--1022}
}


@book{hwang2012multiple,
  title={Multiple objective decision making—methods and applications: a state-of-the-art survey},
  author={Hwang, C-L and Masud, Abu Syed Md},
  volume={164},
  year={2012},
  publisher={Springer Science \& Business Media}
}

@article{tanabe2017benchmarking,
  title={Benchmarking multi-and many-objective evolutionary algorithms under two optimization scenarios},
  author={Tanabe, Ryoji and Ishibuchi, Hisao and Oyama, Akira},
  journal={IEEE Access},
  volume={5},
  pages={19597--19619},
  year={2017},
  publisher={IEEE}
}

@book{coello2007evolutionary,
  title={Evolutionary algorithms for solving multi-objective problems},
  author={Coello, Carlos A Coello and Lamont, Gary B and Van Veldhuizen, David A},
  volume={5},
  year={2007},
  publisher={Springer}
}

@inproceedings{tamaki1996multi,
  title={Multi-objective optimization by genetic algorithms: A review},
  author={Tamaki, Hisashi and Kita, Hajime and Kobayashi, Shigenobu},
  booktitle={Proceedings of IEEE international conference on evolutionary computation},
  pages={517--522},
  year={1996},
  organization={IEEE}
}

@article{fang2017design,
  title={On design optimization for structural crashworthiness and its state of the art},
  author={Fang, Jianguang and Sun, Guangyong and Qiu, Na and Kim, Nam H and Li, Qing},
  journal={Structural and Multidisciplinary Optimization},
  volume={55},
  number={3},
  pages={1091--1119},
  year={2017},
  publisher={Springer}
}

@inproceedings{huband2005scalable,
  title={A scalable multi-objective test problem toolkit},
  author={Huband, Simon and Barone, Luigi and While, Lyndon and Hingston, Phil},
  booktitle={International Conference on Evolutionary Multi-Criterion Optimization},
  pages={280--295},
  year={2005},
  organization={Springer}
}

@article{emmerich2006single,
  title={{Single-and multiobjective evolutionary optimization assisted by Gaussian random field metamodels}},
  author={Emmerich, Michael TM and Giannakoglou, Kyriakos C and Naujoks, Boris},
  journal={IEEE Transactions on Evolutionary Computation},
  volume={10},
  number={4},
  pages={421--439},
  year={2006},
  publisher={IEEE}
}

@article{keane2006statistical,
  title={Statistical improvement criteria for use in multiobjective design optimization},
  author={Keane, Andy J},
  journal={AIAA journal},
  volume={44},
  number={4},
  pages={879--891},
  year={2006}
}

@article{bull2011convergence,
  title={Convergence Rates of Efficient Global Optimization Algorithms.},
  author={Bull, Adam D},
  journal={J. Machine Learning Research},
  volume={12},
  year={2011},
  pages={2879-2990},
  numpages={11}
}

@inproceedings{fleischer2003measure,
  title={{The measure of Pareto optima applications to multi-objective metaheuristics}},
  author={Fleischer, Mark},
  booktitle={International Conference on Evolutionary Multi-Criterion Optimization},
  pages={519--533},
  year={2003},
  organization={Springer}
}

@misc{hupkens2014faster,
      title={Faster Computation of Expected Hypervolume Improvement}, 
      author={Iris Hupkens and Michael Emmerich and André Deutz},
      year={2014},
      eprint={1408.7114},
      archivePrefix={arXiv},
      primaryClass={cs.DS}
}

@article{emmerich2008computation,
  title={{The computation of the expected improvement in dominated hypervolume of Pareto front approximations}},
  author={Emmerich, Michael and Klinkenberg, Jan-willem},
  journal={Rapport technique, Leiden University},
  volume={34},
  pages={7--3},
  year={2008}
}


@inproceedings{wagner2010expected,
  title={On expected-improvement criteria for model-based multi-objective optimization},
  author={Wagner, Tobias and Emmerich, Michael and Deutz, Andr{\'e} and Ponweiser, Wolfgang},
  booktitle={International Conference on Parallel Problem Solving from Nature},
  pages={718--727},
  year={2010},
  organization={Springer}
}

@inproceedings{ponweiser2008multiobjective,
  title={Multiobjective optimization on a limited budget of evaluations using model-assisted $\mathcal{S}$-metric selection},
  author={Ponweiser, Wolfgang and Wagner, Tobias and Biermann, Dirk and Vincze, Markus},
  booktitle={International Conference on Parallel Problem Solving from Nature},
  pages={784--794},
  year={2008},
  organization={Springer}
}

@article{marler2004survey,
  title={Survey of multi-objective optimization methods for engineering},
  author={Marler, R Timothy and Arora, Jasbir S},
  journal={Structural and multidisciplinary optimization},
  volume={26},
  number={6},
  pages={369--395},
  year={2004},
  publisher={Springer}
}

@article{svenson2016multiobjective,
  title={Multiobjective optimization of expensive-to-evaluate deterministic computer simulator models},
  author={Svenson, Joshua and Santner, Thomas},
  journal={Computational Statistics \& Data Analysis},
  volume={94},
  pages={250--264},
  year={2016},
  publisher={Elsevier}
}

@article{knowles2006parego,
  title={{ParEGO: a hybrid algorithm with on-line landscape approximation for expensive multiobjective optimization problems}},
  author={Knowles, Joshua},
  journal={IEEE Trans. on Evolutionary Computation},
  volume={10},
  number={1},
  pages={50--66},
  year={2006},
  publisher={IEEE}
}

@article{death2019greed,
      title={{Greed is Good: Exploration and Exploitation Trade-offs in Bayesian Optimisation}}, 
      author={George {De Ath} and Richard M. Everson and Alma A. M. Rahat and Jonathan E. Fieldsend},
      year={2021 (In Press)},
      journal={ACM Trans. on Evolutionary Learning and Optimization}
}

@inproceedings{rahat2017alternative,
  title={Alternative infill strategies for expensive multi-objective optimisation},
  author={Rahat, Alma AM and Everson, Richard M and Fieldsend, Jonathan E},
  booktitle={Proc. of the Genetic and Evolutionary Computation Conference},
  pages={873--880},
  year={2017}
}

@article{jones1998efficient,
  title={Efficient global optimization of expensive black-box functions},
  author={Jones, Donald R and Schonlau, Matthias and Welch, William J},
  journal={Journal of Global Optimization},
  volume={13},
  number={4},
  pages={455--492},
  year={1998},
  publisher={Springer}
}

@inproceedings{fonseca2006improved,
  title={An improved dimension-sweep algorithm for the hypervolume indicator},
  author={Fonseca, Carlos M and Paquete, Lu{\'\i}s and L{\'o}pez-Ib{\'a}nez, Manuel},
  booktitle={2006 IEEE Conference on Evolutionary Computation},
  pages={1157--1163},
  year={2006},
}

@incollection{deb2005scalable,
  title={Scalable test problems for evolutionary multiobjective optimization},
  author={Deb, Kalyanmoy and Thiele, Lothar and Laumanns, Marco and Zitzler, Eckart},
  booktitle={Evolutionary multiobjective optimization},
  pages={105--145},
  year={2005},
  publisher={Springer}
}

@inproceedings{ishibuchi2015modified,
  title={Modified distance calculation in generational distance and inverted generational distance},
  author={Ishibuchi, Hisao and Masuda, Hiroyuki and Tanigaki, Yuki and Nojima, Yusuke},
  booktitle={International conference on evolutionary multi-criterion optimization},
  pages={110--125},
  year={2015},
  organization={Springer}
}

@inproceedings{smith2004dominance,
  title={Dominance measures for multi-objective simulated annealing},
  author={Smith, Kevin I and Everson, Richard M and Fieldsend, Jonathan E},
  booktitle={{Proceedings of the 2004 Congress on Evolutionary Computation}},
  volume={1},
  pages={23--30},
  year={2004},
  organization={IEEE}
}

@article{mckay2000comparison,
  title={A comparison of three methods for selecting values of input variables in the analysis of output from a computer code},
  author={McKay, Michael D and Beckman, Richard J and Conover, William J},
  journal={Technometrics},
  volume={42},
  pages={55--61},
  year={2000},
  publisher={Taylor \& Francis Group}
}

@inproceedings{rasmussen2003gaussian,
  title={Gaussian processes in machine learning},
  author={Rasmussen, Carl Edward},
  booktitle={Summer School on Machine Learning},
  pages={63--71},
  year={2003},
  organization={Springer}
}

@article{shahriari2015taking,
  title={{Taking the human out of the loop: A review of Bayesian optimization}},
  author={Shahriari, Bobak and Swersky, Kevin and Wang, Ziyu and Adams, Ryan P and De Freitas, Nando},
  journal={Proceedings of the IEEE},
  volume={104},
  number={1},
  pages={148--175},
  year={2015},
  publisher={IEEE}
}

@article{hansen2003reducing,
  title={{Reducing the time complexity of the derandomized evolution strategy with covariance matrix adaptation (CMA-ES)}},
  author={Hansen, Nikolaus and M{\"u}ller, Sibylle D and Koumoutsakos, Petros},
  journal={Evol. Comp.},
  volume={11},
  pages={1--18},
  year={2003},
  publisher={MIT Press}
}

@article{snoek2012practical,
  title={{Practical Bayesian optimization of machine learning algorithms}},
  author={Snoek, Jasper and Larochelle, Hugo and Adams, Ryan P},
  journal={arXiv:1206.2944},
  year={2012}
}

@incollection{wilcoxon1992individual,
  title={Individual comparisons by ranking methods},
  author={Wilcoxon, Frank},
  booktitle={Breakthroughs in statistics},
  pages={196--202},
  year={1992},
  publisher={Springer}
}

@article{holm1979simple,
  title={A simple sequentially rejective multiple test procedure},
  author={Holm, Sture},
  journal={Scandinavian Journal of Statistics},
  pages={65--70},
  year={1979},
  publisher={JSTOR}
}

@article{woolson2007wilcoxon,
  title={Wilcoxon signed-rank test},
  author={Woolson, RF},
  journal={Wiley encyclopedia of clinical trials},
  pages={1--3},
  year={2007},
  publisher={Wiley Online Library}
}

@article{osio1996engineering,
  title={An engineering design methodology with multistage {B}ayesian surrogates and optimal sampling},
  author={Osio, Ignacio G and Amon, Cristina H},
  journal={Research in Engineering Design},
  volume={8},
  number={4},
  pages={189--206},
  year={1996},
  publisher={Springer}
}

@article{li2017rapid,
  title={Rapid {B}ayesian optimisation for synthesis of short polymer fiber materials},
  author={Li, Cheng and de Celis Leal, David Rub{\'\i}n and Rana, Santu and Gupta, Sunil and Sutti, Alessandra and Greenhill, Stewart and Slezak, Teo and Height, Murray and Venkatesh, Svetha},
  journal={Scientific reports},
  volume={7},
  number={1},
  pages={1--10},
  year={2017},
  publisher={Nature Publishing Group}
}

@article{jeong2005efficient,
  title={Efficient optimization design method using kriging model},
  author={Jeong, Shinkyu and Murayama, Mitsuhiro and Yamamoto, Kazuomi},
  journal={Journal of Aircraft},
  volume=42,
  number=2,
  pages={413--420},
  year=2005
}

@article{yangetal2019,
	Abstract = {In the field of multi-objective optimization algorithms, multi-objective Bayesian Global Optimization (MOBGO) is an important branch, in addition to evolutionary multi-objective optimization algorithms. MOBGO utilizes Gaussian Process models learned from previous objective function evaluations to decide the next evaluation site by maximizing or minimizing an infill criterion. A commonly used criterion in MOBGO is the Expected Hypervolume Improvement (EHVI), which shows a good performance on a wide range of problems, with respect to exploration and exploitation. However, so far, it has been a challenge to calculate exact EHVI values efficiently. This paper proposes an efficient algorithm for the exact calculation of the EHVI for in a generic case. This efficient algorithm is based on partitioning the integration volume into a set of axis-parallel slices. Theoretically, the upper bound time complexities can be improved from previously {\$}{\$}O (n\^{}2){\$}{\$}and {\$}{\$}O(n\^{}3){\$}{\$}, for two- and three-objective problems respectively, to {\$}{\$}{$\backslash$}varTheta (n{$\backslash$}log n){\$}{\$}, which is asymptotically optimal. This article generalizes the scheme in higher dimensional cases by utilizing a new hyperbox decomposition technique, which is proposed by D{\"a}chert et al. (Eur J Oper Res 260(3):841--855, 2017). It also utilizes a generalization of the multilayered integration scheme that scales linearly in the number of hyperboxes of the decomposition. The speed comparison shows that the proposed algorithm in this paper significantly reduces computation time. Finally, this decomposition technique is applied in the calculation of the Probability of Improvement (PoI).},
	Author = {Yang, Kaifeng and Emmerich, Michael and Deutz, Andr{\'e} and B{\"a}ck, Thomas},
	Da = {2019/09/01},
	Date-Added = {2021-02-23 18:10:06 +0000},
	Date-Modified = {2021-02-23 18:10:06 +0000},
	Doi = {10.1007/s10898-019-00798-7},
	Id = {Yang2019},
	Isbn = {1573-2916},
	Journal = {J. Global Optimization},
	Number = {1},
	Pages = {3--34},
	Title = {Efficient computation of expected hypervolume improvement using box decomposition algorithms},
	Ty = {JOUR},
	Url = {https://doi.org/10.1007/s10898-019-00798-7},
	Volume = {75},
	Year = {2019},
	Bdsk-Url-1 = {https://doi.org/10.1007/s10898-019-00798-7}}
